@misc{lumiere_template,
  author = {Lumière Academy},
  title = {Journal de l’atelier — Plan A},
  year = {2025},
  note = {Skeleton de projet LaTeX}
}
