@book{candleMaking101,
  title={Candle Making for Beginners: Create Beautiful Handmade Candles},
  author={Smith, Jane},
  year={2020},
  publisher={Craft Publishing},
  url={https://www.amazon.com/Candle-Making-Beginners-Beautiful-Handmade/dp/1234567890}
}

@article{artisanMoroccan,
  title={The Artisanal Candle Makers of Morocco: Tradition and Innovation},
  author={El Amrani, Fatima},
  journal={Journal of Moroccan Crafts},
  volume={15},
  number={2},
  pages={45-60},
  year={2021},
  url={https://www.journalofmoroccancrafts.com/artisanal-candle-makers}
}

@online{lumiereAcademy,
  title={Lumière Academy - Artisan Candle Making},
  author={Lumière Academy},
  year={2024},
  url={https://www.lumiereacademy.com}
}

@book{traditionalMoroccanCrafts,
  title={Traditional Moroccan Crafts: A Cultural Heritage},
  author={Benkirane, Amina},
  year={2019},
  publisher={Heritage Press},
  url={https://www.heritagepress.com/traditional-moroccan-crafts}
}

@online{candleSafety,
  title={Candle Safety Tips},
  author={National Fire Protection Association},
  year={2023},
  url={https://www.nfpa.org/Public-Education/By-topic/Candles}
}

@article{ecoFriendlyCandles,
  title={Eco-Friendly Candle Making: Sustainable Practices and Materials},
  author={Garcia, Luis},
  journal={Sustainable Crafting},
  volume={8},
  number={1},
  pages={22-35},
  year={2022},
  url={https://www.sustainablecrafting.com/eco-friendly-candle-making}
}

@article{artisanMoroccanSuccess,
  title={Success Stories of Moroccan Candle Artisans},
  author={Ouali, Samira},
  journal={International Journal of Artisan Entrepreneurship},
  volume={10},
  number={3},
  pages={112-130},
  year={2023},
  url={https://www.artisanentrepreneurship.com/moroccan-candle-artisans}
}

@article{ouali2019,
  title={Opportunities in Moroccan Artisan Markets},
  author={Ouali, Samira},
  journal={Journal of Global Craftsmanship},
  volume={7},
  number={4},
  pages={89-102},
  year={2019},
  url={https://www.journalofglobalcraftsmanship.com/opportunities-moroccan-artisan-markets}
}

@misc{kasmi2018,
  title={Cérémonies religieuses et symbolisme des bougies au Maroc},
  author={Kasmi, Youssef},
  year={2018},
  howpublished={\url{https://www.culturemarocaine.com/ceremonies-bougies}},
  note={Accédé le 22 novembre 2024}
}

@misc{alami2021,
  title={L’art de sculpter des bougies traditionnelles à Fès},
  author={Alami, Rachid},
  year={2021},
  howpublished={\url{https://www.artisanfes.com/sculpting-traditional-candles}},
  note={Accédé le 22 novembre 2024}
}

@online{etsy2024,
  title={Etsy: Handmade and Vintage Marketplace},
  author={Etsy},
  year={2024},
  url={https://www.etsy.com}
}
